101 98765432011223344552607150930A094101FIRST EXAMPLE BANK     EXAMPLE MFG CO                 
5225EXAMPLE MFG CO                      1122334455CCDVENDOR PMTJUL 15260717   1987654320000001
6279876543201234567890       0000084500               SAMPLE SUPPLY CO        0987654320000001
6271234567801234567890       0000061250               DEMO PARTS LLC          0987654320000002
822500000201111111100000001400000000000000001122334455                         987654320000001
9000001000001000000020111111110000000145750000000000000                                       
9999999999999999999999999999999999999999999999999999999999999999999999999999999999999999999999
9999999999999999999999999999999999999999999999999999999999999999999999999999999999999999999999
9999999999999999999999999999999999999999999999999999999999999999999999999999999999999999999999
9999999999999999999999999999999999999999999999999999999999999999999999999999999999999999999999
