101 98765432011223344552607150930A094101FIRST EXAMPLE BANK     EXAMPLE MFG CO                 
5220EXAMPLE MFG CO                      1122334455CCDVENDOR PMTJUL 15260717   1987654320000001
6279876543201234567890       0000084500               SAMPLE SUPPLY CO        0987654320000001
822000000100987654320000000845000000000000001122334455                         987654320000001
9000001000001000000010098765432000000084500000000000000                                       
9999999999999999999999999999999999999999999999999999999999999999999999999999999999999999999999
9999999999999999999999999999999999999999999999999999999999999999999999999999999999999999999999
9999999999999999999999999999999999999999999999999999999999999999999999999999999999999999999999
9999999999999999999999999999999999999999999999999999999999999999999999999999999999999999999999
9999999999999999999999999999999999999999999999999999999999999999999999999999999999999999999999
