101 98765432011223344552607150930A094101FIRST EXAMPLE BANK     EXAMPLE MFG CO                 
5200EXAMPLE MFG CO                      1122334455P1DPAYROLL   JUL 15260717   1987654320000001
6229876543201234567890       0000125000               ALEX SAMPLE             0987654320000001
6221234567801234567890       0000210000               JORDAN SAMPLE           0987654320000002
6229876543201234567890       0000120000               RIVER SAMPLE            0987654320000003
820000000302098765420000000000000000004550001122334455                         987654320000001
9000001000001000000030209876542000000000000000000455000                                       
9999999999999999999999999999999999999999999999999999999999999999999999999999999999999999999999
9999999999999999999999999999999999999999999999999999999999999999999999999999999999999999999999
9999999999999999999999999999999999999999999999999999999999999999999999999999999999999999999999
