101 98765432011223344552607150930A094101FIRST EXAMPLE BANK     EXAMPLE MFG CO                 
5200EXAMPLE MFG CO                      1122334455WEBPAYMENT   JUL 15260717   1987654320000001
6229876543201234567890       0000050000               ALEX SAMPLE             1987654320000001
705PAYMENT REF 20260715                                                            00010000001
820000000200987654320000000000000000000500001122334455                         987654320000001
9000001000001000000020098765432000000000000000000050000                                       
9999999999999999999999999999999999999999999999999999999999999999999999999999999999999999999999
9999999999999999999999999999999999999999999999999999999999999999999999999999999999999999999999
9999999999999999999999999999999999999999999999999999999999999999999999999999999999999999999999
9999999999999999999999999999999999999999999999999999999999999999999999999999999999999999999999
